@inproceedings{ShowTell,
    author={O. {Vinyals} and A. {Toshev} and S. {Bengio} and D. {Erhan}},
    booktitle={2015 IEEE Conference on Computer Vision and Pattern Recognition (CVPR)}, 
    title="\href{https://arxiv.org/pdf/1411.4555.pdf}{Show and tell: A neural image caption generator}", 
    year={2015},
    volume={},
    number={},
    pages={3156-3164},
    doi={10.1109/CVPR.2015.7298935}
}

@inproceedings{ShowAttendTell,
    author = {Xu, Kelvin and Ba, Jimmy Lei and Kiros, Ryan and Cho, Kyunghyun and Courville, Aaron and Salakhutdinov, Ruslan and Zemel, Richard S. and Bengio, Yoshua},
    title = "\href{https://arxiv.org/pdf/1502.03044.pdf}{Show, Attend and Tell: Neural Image Caption Generation with Visual Attention}",
    year = {2015},
    booktitle = {International Conference on Machine Learning},
    pages = {2048–2057},
    numpages = {10},
}

@article{Flickr8k,
    author = {Hodosh, Micah and Young, Peter and Hockenmaier, Julia},
    title = "\href{https://pdfs.semanticscholar.org/9814/df8bd00ba999c4d1e305a7e9bca579dc7c75.pdf}{Framing Image Description as a Ranking Task: Data, Models and Evaluation Metrics}",
    year = {2013},
    issue_date = {May 2013},
    publisher = {AI Access Foundation},
    address = {El Segundo, CA, USA},
    volume = {47},
    number = {1},
    issn = {1076-9757},
    journal = {J. Artif. Int. Res.},
    month = may,
    pages = {853–899},
    numpages = {47}
}